@article{arnqvist1995meta,
  title={Meta-analysis: synthesizing research findings in ecology and evolution},
  author={Arnqvist, G{\"o}ran and Wooster, David},
  journal={Trends in Ecology \& Evolution},
  volume={10},
  number={6},
  pages={236--240},
  year={1995},
  publisher={Elsevier}
}

@Manual{atkins2019rsconnect,
  title={rsconnect: Deployment interface for R markdown documents and Shiny applications},
  author={Atkins, Aaron and McPherson, Jonathon and Allaire, JJ},
  year={2022},
  note={R package version 0.8},
  url={https://CRAN.R-project.org/package=rsconnect}
}

@article{bates2014fitting,
  title={Fitting linear mixed-effects models using lme4},
  author={Bates, Douglas and M{\"a}chler, Martin and Bolker, Ben and Walker, Steve},
  journal={arXiv preprint arXiv:1406.5823},
  year={2014}
}

@Manual{becker2021maps,
  title={maps: Draw Geographical Maps},
  author={Original S code by Richard A. Becker and Allan R. Wilks. R version by Ray Brownrigg. Enhancements by Thomas P Minka and Alex Deckmyn.},
  year={2021},
  note={R package version 3.4.0},
  url={https://CRAN.R-project.org/package=maps}
}

@article{biesmeijer2006parallel,
  title={Parallel declines in pollinators and insect-pollinated plants in Britain and the Netherlands},
  author={Biesmeijer, Jacobus C and Roberts, Stuart PM and Reemer, Menno and Ohlemuller, R and Edwards, Mike and Peeters, Tom and Schaffers, AP and Potts, Simon G and Kleukers, RJMC and Thomas, CD and others},
  journal={Science},
  volume={313},
  number={5785},
  pages={351--354},
  year={2006},
  publisher={American Association for the Advancement of Science}
}

@article{boyes2019bucking,
  title={Bucking the trend: the diversity of Anthropocene ‘winners’ among British moths},
  author={Boyes, Douglas H and Fox, Richard and Shortall, Chris R and Whittaker, R},
  journal={Frontiers of Biogeography},
  volume={11},
  number={3},
  year={2019},
  publisher={International Biogeography Society}
}

@article{brooks2012large,
  title={Large carabid beetle declines in a United Kingdom monitoring network increases evidence for a widespread loss in insect biodiversity},
  author={Brooks, David R and Bater, John E and Clark, Suzanne J and Monteith, Don T and Andrews, Christopher and Corbett, Stuart J and Beaumont, Deborah A and Chapman, Jason W},
  journal={Journal of applied Ecology},
  volume={49},
  number={5},
  pages={1009--1019},
  year={2012},
  publisher={Wiley Online Library}
}

@manual{bryan2020googlesheets4,
  title={googlesheets4: Access google sheets using the sheets API V4},
  author={Jennifer Bryan},
  year={2021},
  note={R package version 1. 0. 0},
  url={https://CRAN.R-project.org/package=googlesheets4}
}

@article{cardoso2020scientists,
  title={Scientists' warning to humanity on insect extinctions},
  author={Cardoso, Pedro and Barton, Philip S and Birkhofer, Klaus and Chichorro, Filipe and Deacon, Charl and Fartmann, Thomas and Fukushima, Caroline S and Gaigher, Ren{\'e} and Habel, Jan C and Hallmann, Caspar A and others},
  journal={Biological conservation},
  volume={242},
  pages={108426},
  year={2020},
  publisher={Elsevier}
}

@Manual{chang2022shiny,
  title = {shiny: Web Application Framework for R},
  author = {Winston Chang and Joe Cheng and JJ Allaire and Carson Sievert and Barret Schloerke and Yihui Xie and Jeff Allen and Jonathan McPherson and Alan Dipert and Barbara Borges},
  year = {2022},
  note = {R package version 1.7.2},
  url = {https://CRAN.R-project.org/package=shiny}
}

@article{deutsch2008impacts,
  title={Impacts of climate warming on terrestrial ectotherms across latitude},
  author={Deutsch, Curtis A and Tewksbury, Joshua J and Huey, Raymond B and Sheldon, Kimberly S and Ghalambor, Cameron K and Haak, David C and Martin, Paul R},
  journal={Proceedings of the National Academy of Sciences},
  volume={105},
  number={18},
  pages={6668--6672},
  year={2008},
  publisher={National Acad Sciences}
}

@article{dicks2021global,
  title={A global-scale expert assessment of drivers and risks associated with pollinator decline},
  author={Dicks, Lynn V and Breeze, Tom D and Ngo, Hien T and Senapathi, Deepa and An, Jiandong and Aizen, Marcelo A and Basu, Parthiba and Buchori, Damayanti and Galetto, Leonardo and Garibaldi, Lucas A and others},
  journal={Nature Ecology \& Evolution},
  volume={5},
  number={10},
  pages={1453--1461},
  year={2021},
  publisher={Nature Publishing Group}
}

@article{dirzo2014defaunation,
  title={Defaunation in the Anthropocene},
  author={Dirzo, Rodolfo and Young, Hillary S and Galetti, Mauro and Ceballos, Gerardo and Isaac, Nick JB and Collen, Ben},
  journal={science},
  volume={345},
  number={6195},
  pages={401--406},
  year={2014},
  publisher={American Association for the Advancement of Science}
}

@article{eggleton2020state,
  title={The state of the world’s insects},
  author={Eggleton, Paul},
  journal={Annu. Rev. Environ. Resour},
  volume={45},
  pages={61--82},
  year={2020}
}

@article{elliott2017living,
  title={Living systematic review: 1. Introduction—the why, what, when, and how},
  author={Elliott, Julian H and Synnot, Anneliese and Turner, Tari and Simmonds, Mark and Akl, Elie A and McDonald, Steve and Salanti, Georgia and Meerpohl, Joerg and MacLehose, Harriet and Hilton, John and others},
  journal={Journal of clinical epidemiology},
  volume={91},
  pages={23--30},
  year={2017},
  publisher={Elsevier}
}

@article{engelhardt2022consistent,
  title={Consistent signals of a warming climate in occupancy changes of three insect taxa over 40 years in central Europe},
  author={Engelhardt, Eva Katharina and Biber, Matthias F and Dolek, Matthias and Fartmann, Thomas and Hochkirch, Axel and Leidinger, Jan and L{\"o}ffler, Franz and Pinkert, Stefan and Poniatowski, Dominik and Voith, Johannes and others},
  journal={Global Change Biology},
  year={2022},
  publisher={Wiley Online Library}
}

@article{fox2019insect,
  title={Insect population trends and the IUCN Red List process},
  author={Fox, Richard and Harrower, Colin A and Bell, James R and Shortall, Chris R and Middlebrook, Ian and Wilson, Robert J},
  journal={Journal of Insect Conservation},
  volume={23},
  number={2},
  pages={269--278},
  year={2019},
  publisher={Springer}
}

@article{gillespie2020status,
  title={Status and trends of terrestrial arthropod abundance and diversity in the North Atlantic region of the Arctic},
  author={Gillespie, Mark AK and Alfredsson, Matthias and Barrio, Isabel C and Bowden, Joseph J and Convey, Peter and Culler, Lauren E and Coulson, Stephen J and Krogh, Paul Henning and Koltz, Amanda M and Koponen, Seppo and others},
  journal={Ambio},
  volume={49},
  number={3},
  pages={718--731},
  year={2020},
  publisher={Springer}
}

@article{gillespie2022landscape,
  title={Landscape-scale drivers of pollinator communities may depend on land-use configuration},
  author={Gillespie, Mark AK and Baude, Mathilde and Biesmeijer, Jacobus and Boatman, Nigel and Budge, Giles E and Crowe, Andrew and Davies, Nancy and Evans, Rebecca and Memmott, Jane and Morton, R Daniel and others},
  journal={Philosophical Transactions of the Royal Society B},
  volume={377},
  number={1853},
  pages={20210172},
  year={2022},
  publisher={The Royal Society}
}

@article{grames2022framework,
  title={A framework and case study to systematically identify long-term insect abundance and diversity datasets},
  author={Grames, Eliza M and Montgomery, Graham A and Boyes, Douglas H and Dicks, Lynn V and Forister, Matthew L and Matson, Tanner A and Nakagawa, Shinichi and Prendergast, Kit S and Taylor, Nigel G and Tingley, Morgan W and others},
  journal={Conservation Science and Practice},
  pages={e12687},
  year={2022},
  publisher={Wiley Online Library}
}

@article{gray2016local,
  title={Local biodiversity is higher inside than outside terrestrial protected areas worldwide},
  author={Gray, Claudia L and Hill, Samantha LL and Newbold, Tim and Hudson, Lawrence N and B{\"o}rger, Luca and Contu, Sara and Hoskins, Andrew J and Ferrier, Simon and Purvis, Andy and Scharlemann, J{\"o}rn PW},
  journal={Nature Communications},
  volume={7},
  number={1},
  pages={1--7},
  year={2016},
  publisher={Nature Publishing Group}
}

@article{gurevitch2018meta,
  title={Meta-analysis and the science of research synthesis},
  author={Gurevitch, Jessica and Koricheva, Julia and Nakagawa, Shinichi and Stewart, Gavin},
  journal={Nature},
  volume={555},
  number={7695},
  pages={175--182},
  year={2018},
  publisher={Nature Publishing Group}
}

@article{habel2019mitigating,
  title={Mitigating the precipitous decline of terrestrial European insects: Requirements for a new strategy},
  author={Habel, Jan Christian and Samways, Michael J and Schmitt, Thomas},
  journal={Biodiversity and Conservation},
  volume={28},
  number={6},
  pages={1343--1360},
  year={2019},
  publisher={Springer}
}

@article{haddaway2020evidence,
  title={What evidence exists on conservation actions to conserve insects? A protocol for a systematic map of literature reviews},
  author={Haddaway, Neal R and Grames, Eliza M and Boyes, Douglas H and Saunders, Manu E and Taylor, Nigel G},
  journal={Environmental Evidence},
  volume={9},
  number={1},
  pages={1--8},
  year={2020},
  publisher={BioMed Central}
}

@article{hallmann2017more,
  title={More than 75 percent decline over 27 years in total flying insect biomass in protected areas},
  author={Hallmann, Caspar A and Sorg, Martin and Jongejans, Eelke and Siepel, Henk and Hofland, Nick and Schwan, Heinz and Stenmans, Werner and M{\"u}ller, Andreas and Sumser, Hubert and H{\"o}rren, Thomas and others},
  journal={PloS one},
  volume={12},
  number={10},
  pages={e0185809},
  year={2017},
  publisher={Public Library of Science San Francisco, CA USA}
}

@article{hedges1999meta,
  title={The meta-analysis of response ratios in experimental ecology},
  author={Hedges, Larry V and Gurevitch, Jessica and Curtis, Peter S},
  journal={Ecology},
  volume={80},
  number={4},
  pages={1150--1156},
  year={1999},
  publisher={Wiley Online Library}
}

@article{hillebrand2018biodiversity,
  title={Biodiversity change is uncoupled from species richness trends: Consequences for conservation and monitoring},
  author={Hillebrand, Helmut and Blasius, Bernd and Borer, Elizabeth T and Chase, Jonathan M and Downing, John A and Eriksson, Britas Klemens and Filstrup, Christopher T and Harpole, W Stanley and Hodapp, Dorothee and Larsen, Stefano and others},
  journal={Journal of Applied Ecology},
  volume={55},
  number={1},
  pages={169--184},
  year={2018},
  publisher={Wiley Online Library}
}

@article{homburg2019have,
  title={Where have all the beetles gone? Long-term study reveals carabid species decline in a nature reserve in Northern Germany},
  author={Homburg, Katharina and Drees, Claudia and Boutaud, Est{\`e}ve and Nolte, Dorothea and Schuett, Wiebke and Zumstein, Pascale and von Ruschkowski, Eick and Assmann, Thorsten},
  journal={Insect Conservation and Diversity},
  volume={12},
  number={4},
  pages={268--277},
  year={2019},
  publisher={Wiley Online Library}
}

@inproceedings{hossain2019visualization,
  title={Visualization of bioinformatics data with dash bio},
  author={Hossain, Shammamah and Calloway, C and Lippa, D and Niederhut, D and Shupe, D},
  booktitle={Proceedings of the 18th Python in Science Conference},
  pages={126--133},
  year={2019}
}

@article{hudson2017database,
  title={The database of the PREDICTS (projecting responses of ecological diversity in changing terrestrial systems) project},
  author={Hudson, Lawrence N and Newbold, Tim and Contu, Sara and Hill, Samantha LL and Lysenko, Igor and De Palma, Adriana and Phillips, Helen RP and Alhusseini, Tamera I and Bedford, Felicity E and Bennett, Dominic J and others},
  journal={Ecology and evolution},
  volume={7},
  number={1},
  pages={145--188},
  year={2017},
  publisher={Wiley Online Library}
}

@article{jahnig2021revisiting,
  title={Revisiting global trends in freshwater insect biodiversity},
  author={J{\"a}hnig, Sonja C and Baranov, Viktor and Altermatt, Florian and Cranston, Peter and Friedrichs-Manthey, Martin and Geist, Juergen and He, Fengzhi and Heino, Jani and Hering, Daniel and H{\"o}lker, Franz and others},
  journal={Wiley Interdisciplinary Reviews: Water},
  volume={8},
  number={2},
  pages={e1506},
  year={2021},
  publisher={Wiley Online Library}
}

@article{klein2007importance,
  title={Importance of pollinators in changing landscapes for world crops},
  author={Klein, Alexandra-Maria and Vaissi{\`e}re, Bernard E and Cane, James H and Steffan-Dewenter, Ingolf and Cunningham, Saul A and Kremen, Claire and Tscharntke, Teja},
  journal={Proceedings of the royal society B: biological sciences},
  volume={274},
  number={1608},
  pages={303--313},
  year={2007},
  publisher={The Royal Society London}
}

@article{koller2016robustlmm,
  title={robustlmm: an R package for robust estimation of linear mixed-effects models},
  author={Koller, Manuel},
  journal={Journal of statistical software},
  volume={75},
  pages={1--24},
  year={2016}
}

@article{lai2019evaluating,
  title={Evaluating the popularity of R in ecology},
  author={Lai, Jiangshan and Lortie, Christopher J and Muenchen, Robert A and Yang, Jian and Ma, Keping},
  journal={Ecosphere},
  volume={10},
  number={1},
  pages={e02567},
  year={2019},
  publisher={Wiley Online Library}
}

@article{lawton1998biodiversity,
  title={Biodiversity inventories, indicator taxa and effects of habitat modification in tropical forest},
  author={Lawton, John H and Bignell, David E and Bolton, B and Bloemers, GF and Eggleton, Paul and Hammond, Peter M and Hodda, M and Holt, RD and Larsen, TB and Mawdsley, NA and others},
  journal={Nature},
  volume={391},
  number={6662},
  pages={72--76},
  year={1998},
  publisher={Nature Publishing Group}
}

@article{lister2018climate,
  title={Climate-driven declines in arthropod abundance restructure a rainforest food web},
  author={Lister, Bradford C and Garcia, Andres},
  journal={Proceedings of the National Academy of Sciences},
  volume={115},
  number={44},
  pages={E10397--E10406},
  year={2018},
  publisher={National Acad Sciences}
}

@article{loboda2018declining,
  title={Declining diversity and abundance of High Arctic fly assemblages over two decades of rapid climate warming},
  author={Loboda, Sarah and Savage, Jade and Buddle, Christopher M and Schmidt, Niels M and H{\o}ye, Toke T},
  journal={Ecography},
  volume={41},
  number={2},
  pages={265--277},
  year={2018},
  publisher={Wiley Online Library}
}

@article{milivcic2021insect,
  title={Insect threats and conservation through the lens of global experts},
  author={Mili{\v{c}}i{\'c}, Marija and Popov, Sne{\v{z}}ana and Branco, Vasco Veiga and Cardoso, Pedro},
  journal={Conservation Letters},
  volume={14},
  number={4},
  pages={e12814},
  year={2021},
  publisher={Wiley Online Library}
}

@article{millard2021global,
  title={Global effects of land-use intensity on local pollinator biodiversity},
  author={Millard, Joseph and Outhwaite, Charlotte L and Kinnersley, Robyn and Freeman, Robin and Gregory, Richard D and Adedoja, Opeyemi and Gavini, Sabrina and Kioko, Esther and Kuhlmann, Michael and Ollerton, Jeff and others},
  journal={Nature communications},
  volume={12},
  number={1},
  pages={1--11},
  year={2021},
  publisher={Nature Publishing Group}
}

@article{montgomery2020insect,
  title={Is the insect apocalypse upon us? How to find out},
  author={Montgomery, Graham A and Dunn, Robert R and Fox, Richard and Jongejans, Eelke and Leather, Simon R and Saunders, Manu E and Shortall, Chris R and Tingley, Morgan W and Wagner, David L},
  journal={Biological Conservation},
  volume={241},
  pages={108327},
  year={2020},
  publisher={Elsevier}
}

@article{newbold2018widespread,
  title={Widespread winners and narrow-ranged losers: Land use homogenizes biodiversity in local assemblages worldwide},
  author={Newbold, Tim and Hudson, Lawrence N and Contu, Sara and Hill, Samantha LL and Beck, Jan and Liu, Yunhui and Meyer, Carsten and Phillips, Helen RP and Scharlemann, J{\"o}rn PW and Purvis, Andy},
  journal={PLoS biology},
  volume={16},
  number={12},
  pages={e2006841},
  year={2018},
  publisher={Public Library of Science San Francisco, CA USA}
}

@article{newbold2016global,
  title={Global patterns of terrestrial assemblage turnover within and among land uses},
  author={Newbold, Tim and Hudson, Lawrence N and Hill, Samantha LL and Contu, Sara and Gray, Claudia L and Scharlemann, J{\"o}rn PW and B{\"o}rger, Luca and Phillips, Helen RP and Sheil, Douglas and Lysenko, Igor and others},
  journal={Ecography},
  volume={39},
  number={12},
  pages={1151--1163},
  year={2016},
  publisher={Wiley Online Library}
}

@article{newbold2014global,
  title={A global model of the response of tropical and sub-tropical forest biodiversity to anthropogenic pressures},
  author={Newbold, Tim and Hudson, Lawrence N and Phillips, Helen RP and Hill, Samantha LL and Contu, Sara and Lysenko, Igor and Blandon, Abigayil and Butchart, Stuart HM and Booth, Hollie L and Day, Julie and others},
  journal={Proceedings of the Royal Society B: Biological Sciences},
  volume={281},
  number={1792},
  pages={20141371},
  year={2014},
  publisher={The Royal Society}
}

@article{noble2017nonindependence,
  title={Nonindependence and sensitivity analyses in ecological and evolutionary meta-analyses},
  author={Noble, Daniel WA and Lagisz, Malgorzata and O'dea, Rose E and Nakagawa, Shinichi},
  journal={Molecular Ecology},
  volume={26},
  number={9},
  pages={2410-2425},
  year={2017},
  publisher={Wiley Online Library}
}

@article{ollerton2014extinctions,
  title={Extinctions of aculeate pollinators in Britain and the role of large-scale agricultural changes},
  author={Ollerton, Jeff and Erenler, Hilary and Edwards, Mike and Crockett, Robin},
  journal={Science},
  volume={346},
  number={6215},
  pages={1360--1362},
  year={2014},
  publisher={American Association for the Advancement of Science}
}

@misc{open2022shiny,
  author={Open Analytics},
  title={ShinyProxy},
  url={https://www.shinyproxy.io/},
  year={2022}
}

@article{outhwaite2020complex,
  title={Complex long-term biodiversity change among invertebrates, bryophytes and lichens},
  author={Outhwaite, Charlotte L and Gregory, Richard D and Chandler, Richard E and Collen, Ben and Isaac, Nick JB},
  journal={Nature ecology \& evolution},
  volume={4},
  number={3},
  pages={384--392},
  year={2020},
  publisher={Nature Publishing Group}
}

@article{poniatowski2018patch,
  title={Patch occupancy of grassland specialists: Habitat quality matters more than habitat connectivity},
  author={Poniatowski, Dominik and Stuhldreher, Gregor and L{\"o}ffler, Franz and Fartmann, Thomas},
  journal={Biological Conservation},
  volume={225},
  pages={237--244},
  year={2018},
  publisher={Elsevier}
}

@article{potts2016safeguarding,
  title={Safeguarding pollinators and their values to human well-being},
  author={Potts, Simon G and Imperatriz-Fonseca, Vera and Ngo, Hien T and Aizen, Marcelo A and Biesmeijer, Jacobus C and Breeze, Thomas D and Dicks, Lynn V and Garibaldi, Lucas A and Hill, Rosemary and Settele, Josef and others},
  journal={Nature},
  volume={540},
  number={7632},
  pages={220--229},
  year={2016},
  publisher={Nature Publishing Group}
}

@article{powney2019widespread,
  title={Widespread losses of pollinating insects in Britain},
  author={Powney, Gary D and Carvell, Claire and Edwards, Mike and Morris, Roger KA and Roy, Helen E and Woodcock, Ben A and Isaac, Nick JB},
  journal={Nature communications},
  volume={10},
  number={1},
  pages={1--6},
  year={2019},
  publisher={Nature Publishing Group}
}

@article{team2013r,
  title={R: A language and environment for statistical computing},
  author={Team, R Core and others},
  year={2013},
  publisher={Vienna, Austria}
}

@Manual{ram2020rdrop2,
  title={rdrop2: Programmatic Interface to the 'Dropbox' API},
  author={Karthik Ram and Clayton Yochum},
  year={2020},
  note={R package version 0.8.2.1},
  url={https://CRAN.R-project.org/package=rdrop2}
}

@article{sanchez2019worldwide,
  title={Worldwide decline of the entomofauna: A review of its drivers},
  author={S{\'a}nchez-Bayo, Francisco and Wyckhuys, Kris AG},
  journal={Biological conservation},
  volume={232},
  pages={8--27},
  year={2019},
  publisher={Elsevier}
}

@article{saunders2020moving,
  title={Moving on from the insect apocalypse narrative: engaging with evidence-based insect conservation},
  author={Saunders, Manu E and Janes, Jasmine K and O’Hanlon, James C},
  journal={BioScience},
  volume={70},
  number={1},
  pages={80--89},
  year={2020},
  publisher={Oxford University Press}
}

@article{seibold2019arthropod,
  title={Arthropod decline in grasslands and forests is associated with landscape-level drivers},
  author={Seibold, Sebastian and Gossner, Martin M and Simons, Nadja K and Bl{\"u}thgen, Nico and M{\"u}ller, J{\"o}rg and Ambarl{\i}, Didem and Ammer, Christian and Bauhus, J{\"u}rgen and Fischer, Markus and Habel, Jan C and others},
  journal={Nature},
  volume={574},
  number={7780},
  pages={671--674},
  year={2019},
  publisher={Nature Publishing Group}
}

@article{shackelford2021dynamic,
  title={Dynamic meta-analysis: a method of using global evidence for local decision making},
  author={Shackelford, Gorm E and Martin, Philip A and Hood, Amelia SC and Christie, Alec P and Kulinskaya, Elena and Sutherland, William J},
  journal={BMC biology},
  volume={19},
  number={1},
  pages={1--13},
  year={2021},
  publisher={BioMed Central}
}

@article{simmons2019worldwide,
  title={Worldwide insect declines: An important message, but interpret with caution},
  author={Simmons, Benno I and Balmford, Andrew and Bladon, Andrew J and Christie, Alec P and De Palma, Adriana and Dicks, Lynn V and Gallego-Zamorano, Juan and Johnston, Alison and Martin, Philip A and Purvis, Andy and others},
  journal={Ecology and Evolution},
  volume={9},
  number={7},
  pages={3678--3680},
  year={2019},
  publisher={Wiley Online Library}
}

@article{stewart2010meta,
  title={Meta-analysis in applied ecology},
  author={Stewart, Gavin},
  journal={Biology letters},
  volume={6},
  number={1},
  pages={78--81},
  year={2010},
  publisher={The Royal Society}
}

@article{stork2018many,
  title={How many species of insects and other terrestrial arthropods are there on Earth},
  author={Stork, Nigel E and others},
  journal={Annual review of entomology},
  volume={63},
  number={1},
  pages={31--45},
  year={2018}
}

@article{titley2017scientific,
  title={Scientific research on animal biodiversity is systematically biased towards vertebrates and temperate regions},
  author={Titley, Mark A and Snaddon, Jake L and Turner, Edgar C},
  journal={PloS one},
  volume={12},
  number={12},
  pages={e0189577},
  year={2017},
  publisher={Public Library of Science San Francisco, CA USA}
}

@article{van2020meta,
  title={Meta-analysis reveals declines in terrestrial but increases in freshwater insect abundances},
  author={Van Klink, Roel and Bowler, Diana E and Gongalsky, Konstantin B and Swengel, Ann B and Gentile, Alessandro and Chase, Jonathan M},
  journal={Science},
  volume={368},
  number={6489},
  pages={417--420},
  year={2020},
  publisher={American Association for the Advancement of Science}
}

@article{viechtbauer2010conducting,
  title={Conducting meta-analyses in R with the metafor package},
  author={Viechtbauer, Wolfgang},
  journal={Journal of statistical software},
  volume={36},
  number={3},
  pages={1--48},
  year={2010},
  publisher={UCLA Statistics}
}

@article{wagner2021window,
  title={A window to the world of global insect declines: Moth biodiversity trends are complex and heterogeneous},
  author={Wagner, David L and Fox, Richard and Salcido, Danielle M and Dyer, Lee A},
  journal={Proceedings of the National Academy of Sciences},
  volume={118},
  number={2},
  pages={e2002549117},
  year={2021},
  publisher={National Acad Sciences}
}

@article{wagner2021insect,
  title={Insect decline in the Anthropocene: Death by a thousand cuts},
  author={Wagner, David L and Grames, Eliza M and Forister, Matthew L and Berenbaum, May R and Stopak, David},
  journal={Proceedings of the National Academy of Sciences},
  volume={118},
  number={2},
  pages={e2023989118},
  year={2021},
  publisher={National Acad Sciences}
}

@article{wickham2019welcome,
  title={Welcome to the Tidyverse},
  author={Wickham, Hadley and Averick, Mara and Bryan, Jennifer and Chang, Winston and McGowan, Lucy D'Agostino and Fran{\c{c}}ois, Romain and Grolemund, Garrett and Hayes, Alex and Henry, Lionel and Hester, Jim and others},
  journal={Journal of open source software},
  volume={4},
  number={43},
  pages={1686},
  year={2019}
}